<record><leader>00000cas a2200000 a 4500</leader><controlfield tag="001">12815225</controlfield><controlfield tag="008">851118d18871888ksuwr ne      0    0eng d</controlfield><datafield ind1=" " ind2=" " tag="010"><subfield code="a">sn 85066312 </subfield></datafield><datafield ind1=" " ind2=" " tag="040"><subfield code="a">KSH</subfield><subfield code="b">eng</subfield><subfield code="c">KSH</subfield><subfield code="d">NPT</subfield><subfield code="d">OCL</subfield><subfield code="d">OCLCQ</subfield></datafield><datafield ind1=" " ind2=" " tag="042"><subfield code="a">msc</subfield></datafield><datafield ind1="0" ind2="4" tag="245"><subfield code="a">The Greenleaf safeguard.</subfield></datafield><datafield ind1=" " ind2=" " tag="260"><subfield code="a">Greenleaf, Kan. :</subfield><subfield code="b">Weiler &amp; Ware,</subfield><subfield code="c">1887-1888.</subfield></datafield><datafield ind1=" " ind2=" " tag="300"><subfield code="a">1 v. :</subfield><subfield code="b">ill. ;</subfield><subfield code="c">65 cm.</subfield></datafield><datafield ind1=" " ind2=" " tag="310"><subfield code="a">Weekly</subfield></datafield><datafield ind1="0" ind2=" " tag="362"><subfield code="a">Vol. 1, no. 1 (Sept. 22, 1887)-v. 1, no. 18 (Jan. 20, 1888).</subfield></datafield><datafield ind1=" " ind2=" " tag="500"><subfield code="a">Published by Stoy E. Ware, Oct. 28, 1887-Jan. 20, 1888.</subfield></datafield><datafield ind1=" " ind2=" " tag="752"><subfield code="a">United States</subfield><subfield code="b">Kansas</subfield><subfield code="c">Washington</subfield><subfield code="d">Greenleaf.</subfield></datafield><datafield ind1="0" ind2="4" tag="785"><subfield code="t">Greenleaf herald</subfield><subfield code="w">(DLC)sn 85066301</subfield></datafield><datafield ind1="1" ind2=" " tag="029"><subfield code="a">AU@</subfield><subfield code="b">000022169016</subfield></datafield></record>